<record><leader>00000cas a2200000 a 4500</leader><controlfield tag="001">21814568</controlfield><controlfield tag="008">900614d19672014nyuwr ne      0    0eng c</controlfield><datafield ind1=" " ind2=" " tag="010"><subfield code="a">sn 90066175 </subfield></datafield><datafield ind1=" " ind2=" " tag="040"><subfield code="a">NYG</subfield><subfield code="b">eng</subfield><subfield code="c">NYG</subfield><subfield code="d">NYS</subfield><subfield code="d">OCL</subfield><subfield code="d">OCLCQ</subfield><subfield code="d">NYS</subfield><subfield code="d">OCLCQ</subfield><subfield code="d">OCLCF</subfield><subfield code="d">NYG</subfield><subfield code="d">DLC</subfield></datafield><datafield ind1=" " ind2=" " tag="042"><subfield code="a">pcc</subfield></datafield><datafield ind1=" " ind2=" " tag="043"><subfield code="a">n-us-ny</subfield></datafield><datafield ind1="0" ind2="4" tag="245"><subfield code="a">The Wantagh Seaford citizen.</subfield></datafield><datafield ind1="3" ind2="0" tag="246"><subfield code="a">Citizen</subfield></datafield><datafield ind1="1" ind2="3" tag="246"><subfield code="a">Citizen, Wantagh-Seaford</subfield></datafield><datafield ind1="1" ind2="3" tag="246"><subfield code="a">Wantagh-Seaford citizen at gateway to Jones Beach</subfield></datafield><datafield ind1=" " ind2=" " tag="260"><subfield code="a">Wantagh, N.Y. :</subfield><subfield code="b">Wantagh Weekly Pub. Co.,</subfield><subfield code="c">1967-2014.</subfield></datafield><datafield ind1=" " ind2=" " tag="300"><subfield code="a">v. :</subfield><subfield code="b">ill. ;</subfield><subfield code="c">39 cm.</subfield></datafield><datafield ind1=" " ind2=" " tag="310"><subfield code="a">Weekly</subfield></datafield><datafield ind1="0" ind2=" " tag="362"><subfield code="a">Vol. 1, no. 1 (Aug. 25, 1967)-v. 62, no. 17 (Apr. 24-30, 2014).</subfield></datafield><datafield ind1=" " ind2=" " tag="500"><subfield code="a">Title varies slightly, Nov. 8, 1974- : Citizen, Wantagh-Seaford.</subfield></datafield><datafield ind1=" " ind2=" " tag="515"><subfield code="a">Issues for Apr. 24-30, 2014 mis-numbered (on caption) as vol. 61, but inside in publisher's statement has correct designation vol. 62.</subfield></datafield><datafield ind1=" " ind2="0" tag="651"><subfield code="a">Wantagh (N.Y.)</subfield><subfield code="v">Newspapers.</subfield></datafield><datafield ind1=" " ind2="0" tag="651"><subfield code="a">Seaford (N.Y.)</subfield><subfield code="v">Newspapers.</subfield></datafield><datafield ind1=" " ind2="0" tag="651"><subfield code="a">Nassau County (N.Y.)</subfield><subfield code="v">Newspapers.</subfield></datafield><datafield ind1=" " ind2="7" tag="651"><subfield code="a">New York (State)</subfield><subfield code="z">Nassau County.</subfield><subfield code="2">fast</subfield><subfield code="0">(OCoLC)fst01205518</subfield></datafield><datafield ind1=" " ind2="7" tag="651"><subfield code="a">New York (State)</subfield><subfield code="z">Seaford.</subfield><subfield code="2">fast</subfield><subfield code="0">(OCoLC)fst01203438</subfield></datafield><datafield ind1=" " ind2="7" tag="651"><subfield code="a">New York (State)</subfield><subfield code="z">Wantagh.</subfield><subfield code="2">fast</subfield><subfield code="0">(OCoLC)fst01221262</subfield></datafield><datafield ind1=" " ind2="7" tag="655"><subfield code="a">Newspapers.</subfield><subfield code="2">fast</subfield><subfield code="0">(OCoLC)fst01423814</subfield></datafield><datafield ind1=" " ind2=" " tag="752"><subfield code="a">United States</subfield><subfield code="b">New York</subfield><subfield code="c">Nassau</subfield><subfield code="d">Wantagh.</subfield></datafield><datafield ind1=" " ind2=" " tag="752"><subfield code="a">United States</subfield><subfield code="b">New York</subfield><subfield code="c">Nassau</subfield><subfield code="d">Seaford.</subfield></datafield><datafield ind1="0" ind2="0" tag="780"><subfield code="t">Wantagh citizen</subfield><subfield code="w">(DLC)sn 94061035</subfield><subfield code="w">(OCoLC)31299460</subfield></datafield><datafield ind1="0" ind2="0" tag="785"><subfield code="t">Wantagh herald citizen</subfield><subfield code="x">2469-813X</subfield><subfield code="w">(DLC)  2014245106</subfield><subfield code="w">(OCoLC)883786393</subfield></datafield><datafield ind1="1" ind2=" " tag="029"><subfield code="a">AU@</subfield><subfield code="b">000020624833</subfield></datafield></record>